<?xml version="1.0" encoding="UTF-8"?><collection xmlns="http://www.loc.gov/MARC21/slim"><record><leader>00377nam--2200121-i-4500</leader><controlfield tag="001">000028968</controlfield><controlfield tag="002">20161230</controlfield><controlfield tag="005">20161230201037</controlfield><controlfield tag="008">060222s1000------------r-----000-0-eng-d</controlfield><datafield ind1=" " ind2=" " tag="245"><subfield code="a">Le laboratoire de physique corousculaire de la faculte des sciences de strasbourg</subfield></datafield><datafield ind1=" " ind2=" " tag="260"><subfield code="a">Geneve, Editions Kister, 1957. 12p</subfield></datafield><datafield ind1=" " ind2=" " tag="490"><subfield code="a">Extrait De La Revue` Industries Atomiques</subfield></datafield><datafield ind1=" " ind2=" " tag="852"><subfield code="a">6290</subfield></datafield></record></collection>